<record><leader>00000cas a22000007a 4500</leader><controlfield tag="001">10182346</controlfield><controlfield tag="008">831202d18811882ksuwr ne      0   a0eng d</controlfield><datafield ind1=" " ind2=" " tag="010"><subfield code="a">sn 83040827 </subfield></datafield><datafield ind1=" " ind2=" " tag="040"><subfield code="a">KSH</subfield><subfield code="b">eng</subfield><subfield code="c">KSH</subfield><subfield code="d">NPT</subfield><subfield code="d">OCLCQ</subfield></datafield><datafield ind1=" " ind2=" " tag="042"><subfield code="a">msc</subfield></datafield><datafield ind1=" " ind2=" " tag="043"><subfield code="a">n-us-ks</subfield></datafield><datafield ind1="0" ind2="0" tag="245"><subfield code="a">Clyde democrat.</subfield></datafield><datafield ind1=" " ind2=" " tag="260"><subfield code="a">Clyde, Kan. :</subfield><subfield code="b">Owen &amp; Haukohl,</subfield><subfield code="c">1881-1882.</subfield></datafield><datafield ind1=" " ind2=" " tag="300"><subfield code="a">2 v. :</subfield><subfield code="b">ill. (chiefly advertisements) ;</subfield><subfield code="c">60 cm.</subfield></datafield><datafield ind1=" " ind2=" " tag="310"><subfield code="a">Weekly</subfield></datafield><datafield ind1="0" ind2=" " tag="362"><subfield code="a">Vol. 2, no. 1 (Jan. 5, 1881)-v. 3, no. 36 (Sept. 6, 1882).</subfield></datafield><datafield ind1=" " ind2=" " tag="752"><subfield code="a">United States</subfield><subfield code="b">Kansas</subfield><subfield code="c">Cloud</subfield><subfield code="d">Clyde.</subfield></datafield><datafield ind1="0" ind2="0" tag="780"><subfield code="t">Clyde City democrat</subfield><subfield code="w">(DLC)sn 83040826</subfield></datafield><datafield ind1="0" ind2="0" tag="785"><subfield code="t">Cloud County critic</subfield><subfield code="w">(DLC)sn 83040847</subfield></datafield></record>